@misc{linux:2023,
  author = {Wikipédia},
  title = {LINUX},
  month = {março},
  year = {2023},
  url={https://pt.wikipedia.org/wiki/Linux},
  note={Acessado em: 09 mar. 2023.}
}

 @BOOK{oliveira_SO2009,
    author = {Oliveira, R{\^o}mulo Silva de and CARISSIMI, Alexandre da S. and TOSCANI, Sim{\~a}o S.},
    title = {Sistemas Operacionais},
    publisher = {UFRGS},
    year={2009},
    volume={4 ed},
    pages={370},
    url={https://integrada.minhabiblioteca.com.br/#/books/9788577806874/},
    note={Acessado em : 09 mar. 2023.}
 }

 @misc{devmedia:2023,
   author = {Wikipédia},
   title = {SQL e programaçãode Banco de Dados},
   month = {março},
   year = {2023},
   url={https://www.devmedia.com.br/sql-e-programacao-de-banco-de-dados/3139},
   note={Acessado em: 20 out. 2023.}
 }
